<?xml version="1.0" encoding="UTF-8"?><collection xmlns="http://www.loc.gov/MARC21/slim"><record><leader>00366nam--2200121-i-4500</leader><controlfield tag="001">000002449</controlfield><controlfield tag="002">20161230</controlfield><controlfield tag="005">20161230201025</controlfield><controlfield tag="008">060222s1000------------r-----000-0-eng-d</controlfield><datafield ind1=" " ind2=" " tag="100"><subfield code="a">Fewkes, J. H</subfield></datafield><datafield ind1=" " ind2=" " tag="245"><subfield code="a">Yarwood, j</subfield></datafield><datafield ind1=" " ind2=" " tag="260"><subfield code="a">Electricity, Magnetism And Atomic Physics. Electricity And Magnetism</subfield></datafield><datafield ind1=" " ind2=" " tag="490"><subfield code="a">London, Univ. Tutorial House, 1956. Vii + 768 P. Cu Fig.(1)</subfield></datafield></record></collection>